@book{Lindgren_2013,
  title={Stationary Stochastic Processes for Scientists and Engineers},
  author={Lindgren, Georg and Rootz{\'e}n, Holger and Sandsten, Maria},
  year={2013},
  publisher={CRC press, Boca Raton, FL}
}

@incollection{Rue_2010,
  title={Discrete spatial variation},
  author={Rue, H{\"a}rvard and Held, Leonhard},
  booktitle={{Handbook of Spatial Statistics}},
  editors={Gelfand, A. E. and Diggle, P. and Guttorp, P. and Fuentes, M.},
  pages={171--200},
  year={2010},
  publisher={Chapman \& Hall, London, UK}
}

@Manual{FRK,
    title = {FRK: Fixed Rank Kriging},
    author = {Andrew Zammit-Mangion},
    year = {2017},
    note = {R package version 0.1.4},
    url = {https://CRAN.R-project.org/package=FRK}
  }


@BOOK{Rasmussen_2006,
  title = {{Gaussian Processes for Machine Learning}},
  publisher = {The MIT Press},
  address = {Cambridge, MA},
  year = {2006},
  author = {C. E. Rasmussen and C. K. I. Williams}
}



@article{Henderson_1981,
  title={On deriving the inverse of a sum of matrices},
  author={Henderson, H.V. and Searle, S.R.},
  journal={{SIAM} Review},
  volume={23},
  pages={53--60},
  year={1981}
}

@article{Stein_2008,
  title={A modeling approach for large spatial datasets},
  author={Stein, M.L.},
  journal={Journal of the Korean Statistical Society},
  volume={37},
  pages={3--10},
  year={2008},
  publisher={Elsevier}
}

@article{Eidsvik_2014,
  title={Estimation and prediction in spatial models with block composite likelihoods},
  author={Eidsvik, Jo and Shaby, Benjamin A and Reich, Brian J and Wheeler, Matthew and Niemi, Jarad},
  journal={Journal of Computational and Graphical Statistics},
  volume={23},
  number={2},
  pages={295--315},
  year={2014},
  publisher={Taylor \& Francis}
}

@article{Stein_2014,
  title={Limitations on low rank approximations for covariance matrices of spatial data},
  author={Stein, Michael L},
  journal={Spatial Statistics},
  volume={8},
  pages={1--19},
  year={2014},
  publisher={Elsevier}
}

@article{Chahine_2006,
  title={{AIRS: Improving weather forecasting and providing new data on greenhouse gases}},
  author={Chahine, M.T. and Pagano, T.S. and Aumann, H.H. and Atlas, R. and Barnet, C. and Blaisdell, J. and Chen, L. and Divakarla, M. and Fetzer, E.J. and Goldberg, M. and Gautier, C. and Granger, S. and Hannon, S. and Irion, F.W. and Kakar, R. and Kalnay, E. and Lambrigtsen, B.H. and Lee, S.-Y. and Marshall, J.L. and McMillan, W.W. and McMillin, L. and Olsen, E.T. and Revercomb, H. and Rosenkranz, P. and Smith, W.L. and Staelin, D. and Larrabee Strow, L.  and Susskind, J. and Tobin, D. and Wolf, W. and Zhou, L.},
  journal={Bulletin of the American Meteorological Society},
  volume={87},
  pages={911--926},
  year={2006}
}

@Manual{LatticeKrig,
    title = {{LatticeKrig: Multiresolution Kriging Based on Markov Random Fields}},
    author = {Nychka, D. and Hammerling, D. and Sain, S. and Lenssen, N.},
    year = {2015},
    note = {R package version 5.4-1},
    url = {https://CRAN.R-project.org/package=LatticeKrig},
  }

  @article{Schlather_2015,
  title={Analysis, simulation and prediction of multivariate random fields with package {RandomFields}},
  author={M Schlather and A Malinowski and P J Menck and M Oesting and K Strokorb},
  journal={Journal of Statistical Software},
  volume={63},
  pages={1--25},
  year={2015}
}

@inproceedings{Cressie_2006,
  title={Spatial prediction for massive data sets},
  author={Cressie, N. and Johannesson, G.},
  booktitle={Mastering the Data Explosion in the Earth and Environmental Sciences: Proceedings of the Australian Academy of Science Elizabeth and Frederick White Conference},
  pages={1--11},
  year={2006},
  publisher={Australian Academy of Science},
  address={Canberra, Australia}
}

@article{Zhuang_2014,
  title={Bayesian hierarchical statistical {SIRS} models},
  author={Zhuang, Lili and Cressie, Noel},
  journal={Statistical Methods \& Applications},
  volume={23},
  pages={601--646},
  year={2014},
  publisher={Springer-Verlag}
}

@article{Nychka_2015,
  title={{A multiresolution Gaussian process model for the analysis of large spatial datasets}},
  author={Nychka, D. and Bandyopadhyay, S. and Hammerling, D. and Lindgren, F. and Sain, S.},
  journal={Journal of Computational and Graphical Statistics},
  volume={24},
  pages={579--599},
  year={2015},
  publisher={Taylor \& Francis}
}

@Manual{SuiteSparse,
  author = {Davis, T.},
  title = {{SPARSEINV: a MATLAB toolbox for computing the sparse inverse subset using the Takahashi equations}},
  year = 2011,
  url = {https://faculty.cse.tamu.edu/davis/suitesparse.html}
}

@article{Sampson_1992,
  title={Nonparametric estimation of nonstationary spatial covariance structure},
  author={Sampson, Paul D and Guttorp, Peter},
  journal={Journal of the American Statistical Association},
  volume={87},
  pages={108--119},
  year={1992},
  publisher={Taylor \& Francis}
}

@article{Finley_2007,
  author={Finley, A.O. and Banerjee, S. and Carlin, B.P.},
  title={{spBayes: an R package for univariate and multivariate hierarchical point-referenced spatial models}},
  journal={Journal of Statistical Software},
  volume={19},
  pages={1--24},
  year={2007},
  publisher={NIH Public Access}
}

@article{Banerjee_2008,
  title={Gaussian predictive process models for large spatial data sets},
  author={Banerjee, S. and Gelfand, A.E. and Finley, A.O. and Sang, H.},
  journal={Journal of the Royal Statistical Society B},
  volume={70},
  pages={825--848},
  year={2008},
  publisher={Wiley Online Library}
}

@article{Kang_2011,
  title={Bayesian inference for the spatial random effects model},
  author={Kang, E.L. and Cressie, N.},
  journal={Journal of the American Statistical Association},
  volume={106},
  pages={972--983},
  year={2011},
  publisher={Taylor \& Francis}
}

@article{Kang_2009,
  title={Statistical analysis of small-area data based on independence, spatial, non-hierarchical, and hierarchical models},
  author={Kang, E.L. and Liu, D. and Cressie, N.},
  journal={Computational Statistics \& Data Analysis},
  volume={53},
  pages={3016--3032},
  year={2009},
  publisher={Elsevier}
}

@article{Nguyen_2014,
  title={Spatio-temporal data fusion for very large remote sensing datasets},
  author={Nguyen, H. and Katzfuss, M. and Cressie, N. and Braverman, A.},
  journal={Technometrics},
  volume={56},
  pages={174--185},
  year={2014},
  publisher={Taylor \& Francis}
}

@article{Lindgren_2011,
  title       = {An explicit link between {G}aussian fields and {Gaussian Markov random fields: {T}he stochastic partial} differential equation approach},
  author      = {Lindgren, F. and Rue, H. and Lindstr{\"o}m, J.},
  journal     = {Journal of the Royal Statistical Society B},
  year        = {2011},
  pages       = {423--498},
  volume      = {73},
}



@article{Wikle_2005,
  title={Combining information across spatial scales},
  author={Wikle, C. K. and Berliner, L. M.},
  journal={Technometrics},
  year={2005},
  volume=47,
  pages={80--91}
}


@article{Kleiber_2016,
  title={High resolution simulation of nonstationary {G}aussian random fields},
  author={W Kleiber},
  journal={Computational Statistics and Data Analysis},
  year={2016},
  volume=101,
  pages={277--288}
}


@article{Cressie_2008,
        author={Cressie, N. and Johannesson, G.},
        year={2008},
        title={Fixed rank kriging for very large spatial data sets},
        journal={Journal of the Royal Statistical Society B},
        volume={70},
        pages={209--226}
}

@article{Shi_2007,
  title={Global statistical analysis of {MISR aerosol data: a massive data product from NASA's Terra satellite}},
  author={Shi, T. and Cressie, N.},
  journal={Environmetrics},
  volume={18},
  pages={665--680},
  year={2007},
  publisher={Wiley Online Library}
}

@article{Cressie_2010,
  title={Fixed rank filtering for spatio-temporal data},
  author={Cressie, N. and Shi, T. and Kang, E.L.},
  journal={Journal of Computational and Graphical Statistics},
  volume={19},
  pages={724--745},
  year={2010},
  publisher={Taylor \& Francis}
}


@article{Lindgren_2015,
  title={{Bayesian spatial modelling with R-INLA}},
  author={Lindgren, F. and Rue, H.},
  journal={Journal of Statistical Software},
  volume={63},
  pages={1--25},
  year={2015}
}

@article{Katzfuss_2014,
  title={Parallel inference for massive distributed spatial data using low-rank models},
  author={Katzfuss, M. and Hammerling, D.},
  journal={Statistics and Computing},
  volume = {27},
  pages = {363--375},
  year={2017}
}

@article{Zammit_2012,
  title={Variational estimation in spatiotemporal systems from continuous and point-process observations},
  author={Zammit-Mangion, A. and Sanguinetti, G. and Kadirkamanathan, V.},
  journal={IEEE Transactions on Signal Processing},
  volume={60},
  pages={3449--3459},
  year={2012},
  publisher={IEEE}
}

@article{Gneiting_2007,
  title={Probabilistic forecasts, calibration and sharpness},
  author={Gneiting, Tilmann and Balabdaoui, Fadoua and Raftery, Adrian E},
  journal={Journal of the Royal Statistical Society B},
  volume={69},
  pages={243--268},
  year={2007},
  publisher={Wiley Online Library}
}

@article{Katzfuss_2011,
  title={Spatio-temporal smoothing and {EM} estimation for massive remote-sensing data sets},
  author={Katzfuss, M. and Cressie, N.},
  journal={Journal of Time Series Analysis},
  volume={32},
  pages={430--446},
  year={2011},
  publisher={Wiley Online Library}
}

@article{Pebesma_2012,
  title={spacetime: {S}patio-temporal data in {R}},
  author={Pebesma, Edzer},
  journal={Journal of Statistical Software},
  volume={51},
  pages={1--30},
  year={2012}
}

@Manual{Devtools,
    title = {devtools: Tools to Make Developing R Packages Easier},
    author = {Hadley Wickham and Winston Chang},
    year = {2016},
    note = {R package version 1.11.1},
    url = {https://CRAN.R-project.org/package=devtools},
  }


@Manual{OCO2_2017,
  author = {{OCO-2 Science Team} and Michael Gunson and Annemarie Eldering},
  title = {{OCO-2 Level 2 bias-corrected XCO2 and other select fields from the full-physics retrieval aggregated as daily files, Retrospective processing V7r}},
  year = 2015,
  note = {Greenbelt, MD, USA, Goddard Earth Sciences Data and Information Services Center (GES DISC)},
  url={https://disc.gsfc.nasa.gov/datacollection/OCO2_L2_Lite_FP_7r.html}
}

@book{Xie_2015,
    author={Y Xie},
    title={Dynamic {D}ocuments with {R} and {knitr}},
    year={2015},
    edition={2nd},
    publisher={Chapman and Hall/CRC Press},
    address={Boca Raton, FL}
}

@Article{Wickham_2011,
    author = {Hadley Wickham},
    title = {testthat: Get Started with Testing},
    journal = {The R Journal},
    year = {2011},
    volume = {3},
    pages = {5--10},
    url = {https://journal.r-project.org/archive/2011-1/RJournal_2011-1_Wickham.pdf},
  }

@Manual{Covr,
    title = {covr: Test Coverage for Packages},
    author = {Jim Hester},
    year = {2017},
    note = {R package version 2.2.2},
    url = {https://CRAN.R-project.org/package=covr}
  }

@article{Pebesma_2004,
  title={{Multivariable geostatistics in S: the gstat package}},
  author={Pebesma, Edzer J},
  journal={Computers \& Geosciences},
  volume={30},
  pages={683--691},
  year={2004},
  publisher={Elsevier}
}

@article{Takahashi_1973,
  title={Formation of a sparse bus impedance matrix and its application to short circuit study},
  author={Takahashi, Kazuhira and Fagan, John and Chin, Mo-Shing},
  journal={8th PICA Conf. Proc.},
  note={June 4--6, Minneapolis, MN},
  year={1973}
  }

@Manual{sparseinv_2018,
	title = {sparseinv: Computation of the Sparse Inverse Subset},
	author = {Andrew Zammit-Mangion},
	year = {2018},
	note = {R package version 0.1.1},
	url = {https://CRAN.R-project.org/package=sparseinv},
}


   @Manual{Matrix_2015,
    title = {Matrix: Sparse and Dense Matrix Classes and Methods},
    author = {Douglas Bates and Martin Maechler},
    year = {2015},
    note = {R package version 1.2-0},
    url = {https://CRAN.R-project.org/package=Matrix},
  }

  @article{Furrer_2010,
  title={{spam: A sparse matrix R package with emphasis on MCMC methods for Gaussian Markov random fields}},
  author={Furrer, Reinhard and Sain, Stephan R and others},
  journal={Journal of Statistical Software},
  volume={36},
  pages={1--25},
  year={2010},
  publisher={American Statistical Association}
}



@book{Bivand_2013,
  author={Bivand, R S and Pebesma, E and Gomez-Rubio, V},
  year={2013},
  title={{Applied Spatial Data Analysis with R}},
  edition={2nd},
  publisher={Springer-Verlag},
  address={New York, NY}
}

@article{Nguyen_2012,
  title={Spatial statistical data fusion for remote sensing applications},
  author={Nguyen, H. and Cressie, N. and Braverman, A.},
  journal={Journal of the American Statistical Association},
  volume={107},
  pages={1004--1018},
  year={2012},
  publisher={Taylor \& Francis}
}

@article{Zammit_2015,
  title={Multivariate spatio-temporal modelling for assessing {A}ntarctica's present-day contribution to sea-level rise},
  author={Zammit-Mangion, A.  and Rougier, J. and Sch{\"o}n, N. and Lindgren, F. and Bamber, J.},
  journal={Environmetrics},
  volume={26},
  pages={159--177},
  year={2015},
  publisher={Wiley Online Library}
}

@article{Rue_2009,
  title={Approximate Bayesian inference for latent Gaussian models by using integrated nested Laplace approximations},
  author={Rue, H{\aa}vard and Martino, Sara and Chopin, Nicolas},
  journal={Journal of the Royal Statistical Society B},
  volume={71},
  number={2},
  pages={319--392},
  year={2009},
  publisher={Wiley Online Library}
}

@book{Rue_2005,
  title={Gaussian {M}arkov {R}andom {F}ields: {T}heory and {A}pplications},
  author={Rue, Havard and Held, Leonhard},
  year={2005},
  publisher={CRC Press},
  address={Boca Raton, FL}
}

@article{Erisman_1975,
  title={On computing certain elements of the inverse of a sparse matrix},
  author={Erisman, AM and Tinney, WF},
  journal={Communications of the ACM},
  volume={18},
  pages={177--179},
  year={1975},
  publisher={ACM}
}

